<record><leader>00000cas a2200000 a 4500</leader><controlfield tag="001">17597903</controlfield><controlfield tag="008">880308d18531854caudn ne      0    0eng c</controlfield><datafield ind1=" " ind2=" " tag="010"><subfield code="a">sn 88074230 </subfield></datafield><datafield ind1=" " ind2=" " tag="040"><subfield code="a">NYS</subfield><subfield code="b">eng</subfield><subfield code="c">NYS</subfield><subfield code="d">CNK</subfield><subfield code="d">OCL</subfield><subfield code="d">CNK</subfield><subfield code="d">OCLCQ</subfield><subfield code="d">OCLCF</subfield><subfield code="d">OCLCO</subfield><subfield code="d">CUS</subfield></datafield><datafield ind1=" " ind2=" " tag="042"><subfield code="a">pcc</subfield></datafield><datafield ind1=" " ind2=" " tag="043"><subfield code="a">n-us-ca</subfield></datafield><datafield ind1=" " ind2="4" tag="050"><subfield code="a">AN</subfield></datafield><datafield ind1="0" ind2=" " tag="130"><subfield code="a">Daily evening herald (Marysville, Calif.)</subfield></datafield><datafield ind1="1" ind2="0" tag="245"><subfield code="a">Daily evening herald.</subfield></datafield><datafield ind1=" " ind2=" " tag="260"><subfield code="a">Marysville, Yuba County, Calif. :</subfield><subfield code="b">James Allen &amp; Co.</subfield></datafield><datafield ind1=" " ind2=" " tag="300"><subfield code="a">volumes</subfield></datafield><datafield ind1=" " ind2=" " tag="310"><subfield code="a">Daily (except Sun.)</subfield></datafield><datafield ind1=" " ind2=" " tag="336"><subfield code="a">text</subfield><subfield code="b">txt</subfield><subfield code="2">rdacontent</subfield></datafield><datafield ind1=" " ind2=" " tag="337"><subfield code="a">unmediated</subfield><subfield code="b">n</subfield><subfield code="2">rdamedia</subfield></datafield><datafield ind1=" " ind2=" " tag="338"><subfield code="a">volume</subfield><subfield code="b">nc</subfield><subfield code="2">rdacarrier</subfield></datafield><datafield ind1="1" ind2=" " tag="362"><subfield code="a">Began in Aug. 1853.</subfield></datafield><datafield ind1="0" ind2=" " tag="362"><subfield code="a">-v. 4, no. 131 (Jan. 9, 1854).</subfield></datafield><datafield ind1=" " ind2=" " tag="530"><subfield code="a">Master negatives are available for duplication from:</subfield><subfield code="b">California Newspaper Microfilm Archive;</subfield><subfield code="c">positive copies may be purchased by the reel; for further information consult the CNMA at:</subfield><subfield code="u">http://cbsr.ucr.edu</subfield></datafield><datafield ind1=" " ind2=" " tag="588"><subfield code="a">Description based on: Vol. 4, no. 1 (Aug. 8, 1853).</subfield></datafield><datafield ind1=" " ind2="0" tag="651"><subfield code="a">Marysville (Calif.)</subfield><subfield code="v">Newspapers.</subfield></datafield><datafield ind1=" " ind2="7" tag="651"><subfield code="a">California</subfield><subfield code="z">Marysville.</subfield><subfield code="2">fast</subfield><subfield code="0">(OCoLC)fst01215506</subfield></datafield><datafield ind1=" " ind2="7" tag="655"><subfield code="a">Newspapers.</subfield><subfield code="2">fast</subfield><subfield code="0">(OCoLC)fst01423814</subfield></datafield><datafield ind1=" " ind2=" " tag="752"><subfield code="a">United States</subfield><subfield code="b">California</subfield><subfield code="c">Yuba</subfield><subfield code="d">Marysville.</subfield></datafield><datafield ind1="0" ind2=" " tag="775"><subfield code="t">Marysville herald (Steamer ed.)</subfield><subfield code="w">(DLC)sn 94051574</subfield><subfield code="w">(OCoLC)32984310</subfield></datafield><datafield ind1="0" ind2="0" tag="780"><subfield code="t">Marysville herald (Marysville, Calif. : 1850)</subfield><subfield code="w">(DLC)sn 82014350</subfield><subfield code="w">(OCoLC)8780178</subfield></datafield><datafield ind1="0" ind2="0" tag="785"><subfield code="t">Daily evening herald (Marysville, Calif.)</subfield><subfield code="w">(DLC)sn 88074230</subfield><subfield code="w">(OCoLC)17597903</subfield></datafield><datafield ind1="0" ind2="0" tag="785"><subfield code="t">Marysville daily herald (Marysville, Calif. : 1854)</subfield><subfield code="w">(DLC)sn 93052692</subfield><subfield code="w">(OCoLC)32984387</subfield></datafield><datafield ind1="4" ind2="1" tag="856"><subfield code="u">http://bibpurl.oclc.org/web/74747</subfield><subfield code="u">http://cdnc.ucr.edu/cgi-bin/cdnc?a=cl&amp;cl=CL1&amp;sp=MDH&amp;e=-------en--20--1--txt-txIN-------</subfield></datafield><datafield ind1="1" ind2=" " tag="029"><subfield code="a">AU@</subfield><subfield code="b">000020237225</subfield></datafield></record>